% !Mode:: "TeX:UTF-8"
@inproceedings{pishchulin2013strong,
  title={Strong appearance and expressive spatial models for human pose estimation},
  author={Pishchulin, Leonid and Andriluka, Mykhaylo and Gehler, Peter and Schiele, Bernt},
  booktitle={Proceedings of the IEEE international conference on Computer Vision},
  pages={3487--3494},
  year={2013}
}

@article{tompson2014joint,
  title={Joint training of a convolutional network and a graphical model for human pose estimation},
  author={Tompson, Jonathan J and Jain, Arjun and LeCun, Yann and Bregler, Christoph},
  journal={Advances in neural information processing systems},
  volume={27},
  year={2014}
}

@inproceedings{carreira2016human,
  title={Human pose estimation with iterative error feedback},
  author={Carreira, Joao and Agrawal, Pulkit and Fragkiadaki, Katerina and Malik, Jitendra},
  booktitle={Proceedings of the IEEE conference on computer vision and pattern recognition},
  pages={4733--4742},
  year={2016}
}

@inproceedings{tompson2015efficient,
  title={Efficient object localization using convolutional networks},
  author={Tompson, Jonathan and Goroshin, Ross and Jain, Arjun and LeCun, Yann and Bregler, Christoph},
  booktitle={Proceedings of the IEEE conference on computer vision and pattern recognition},
  pages={648--656},
  year={2015}
}

@inproceedings{hu2016bottom,
  title={Bottom-up and top-down reasoning with hierarchical rectified gaussians},
  author={Hu, Peiyun and Ramanan, Deva},
  booktitle={Proceedings of the IEEE Conference on Computer Vision and Pattern Recognition},
  pages={5600--5609},
  year={2016}
}

@inproceedings{pishchulin16cvpr,
               author = {Leonid Pishchulin and Eldar Insafutdinov and Siyu Tang and Bjoern Andres and Mykhaylo Andriluka and Peter Gehler and Bernt Schiele}
               title = {DeepCut: Joint Subset Partition and Labeling for Multi Person Pose Estimation},
               booktitle = {IEEE Conference on Computer Vision and Pattern Recognition (CVPR)},
               year = {2016},
               month = {June}
}

@inproceedings{lifshitz2016human,
  title={Human pose estimation using deep consensus voting},
  author={Lifshitz, Ita and Fetaya, Ethan and Ullman, Shimon},
  booktitle={European Conference on Computer Vision},
  pages={246--260},
  year={2016},
  organization={Springer}
}

@inproceedings{chain16,
  Author = {G. Gkioxari and A. Toshev and N. Jaitly},
  Title = {Chained Predictions Using Convolutional Neural Networks},
  Booktitle = {arXiv preprint arXiv:1605.02346},
  Year = {2016}
}

@inproceedings{rafi2016efficient,
  title={An Efficient Convolutional Network for Human Pose Estimation.},
  author={Rafi, Umer and Leibe, Bastian and Gall, Juergen and Kostrikov, Ilya},
  booktitle={BMVC},
  volume={1},
  pages={2},
  year={2016}
}

@inproceedings{belagiannis2017recurrent,
  title={Recurrent human pose estimation},
  author={Belagiannis, Vasileios and Zisserman, Andrew},
  booktitle={2017 12th IEEE International Conference on Automatic Face \& Gesture Recognition (FG 2017)},
  pages={468--475},
  year={2017},
  organization={IEEE}
}

@inproceedings{insafutdinov16ariv,
               author = {Eldar Insafutdinov and Leonid Pishchulin and Bjoern Andres and Mykhaylo Andriluka and Bernt Schiele}
               title = {DeeperCut:  A Deeper, Stronger, and Faster Multi-Person Pose Estimation Model},
               booktitle = {European Conference on Computer Vision (ECCV)},
               year = {2016},
               month = {May}
}

@inproceedings{wei2016convolutional,
  title={Convolutional pose machines},
  author={Wei, Shih-En and Ramakrishna, Varun and Kanade, Takeo and Sheikh, Yaser},
  booktitle={Proceedings of the IEEE conference on Computer Vision and Pattern Recognition},
  pages={4724--4732},
  year={2016}
}

@inproceedings{bulat2016human,
    title={Human pose estimation via Convolutional Part Heatmap Regression},
    author={Bulat, Adrian and Tzimiropoulos, Georgios},
    booktitle={ECCV},
    year={2016}
}

@inproceedings{newell2016stacked,
  title={Stacked hourglass networks for human pose estimation},
  author={Newell, Alejandro and Yang, Kaiyu and Deng, Jia},
  booktitle={European conference on computer vision},
  pages={483--499},
  year={2016},
  organization={Springer}
}

@inproceedings{tang2018quantized,
  title={Quantized densely connected u-nets for efficient landmark localization},
  author={Tang, Zhiqiang and Peng, Xi and Geng, Shijie and Wu, Lingfei and Zhang, Shaoting and Metaxas, Dimitris},
  booktitle={Proceedings of the European Conference on Computer Vision (ECCV)},
  pages={339--354},
  year={2018}
}

@article{ning2017knowledge,
  title={Knowledge-guided deep fractal neural networks for human pose estimation},
  author={Ning, Guanghan and Zhang, Zhi and He, Zhiquan},
  journal={IEEE Transactions on Multimedia},
  volume={20},
  number={5},
  pages={1246--1259},
  year={2017},
  publisher={IEEE}
}

@article{DBLP:journals/corr/abs-1710-02322,
  author    = {Diogo C. Luvizon and
               Hedi Tabia and
               David Picard},
  title     = {Human Pose Regression by Combining Indirect Part Detection and Contextual
               Information},
  journal   = {CoRR},
  volume    = {abs/1710.02322},
  year      = {2017},
  url       = {http://arxiv.org/abs/1710.02322},
  eprinttype = {arXiv},
  eprint    = {1710.02322},
  timestamp = {Mon, 13 Aug 2018 16:47:33 +0200},
  biburl    = {https://dblp.org/rec/journals/corr/abs-1710-02322.bib},
  bibsource = {dblp computer science bibliography, https://dblp.org}
}

@inproceedings{chu2017multi,
  title={Multi-context attention for human pose estimation},
  author={Chu, Xiao and Yang, Wei and Ouyang, Wanli and Ma, Cheng and Yuille, Alan L and Wang, Xiaogang},
  booktitle={Proceedings of the IEEE conference on computer vision and pattern recognition},
  pages={1831--1840},
  year={2017}
}

@article{DBLP:journals/corr/ChouCC17,
  author    = {Chia{-}Jung Chou and
               Jui{-}Ting Chien and
               Hwann{-}Tzong Chen},
  title     = {Self Adversarial Training for Human Pose Estimation},
  journal   = {CoRR},
  volume    = {abs/1707.02439},
  year      = {2017},
  url       = {http://arxiv.org/abs/1707.02439},
  eprinttype = {arXiv},
  eprint    = {1707.02439},
  timestamp = {Mon, 13 Aug 2018 16:47:05 +0200},
  biburl    = {https://dblp.org/rec/journals/corr/ChouCC17.bib},
  bibsource = {dblp computer science bibliography, https://dblp.org}
}

@inproceedings{chen2017adversarial,
  title={Adversarial posenet: A structure-aware convolutional network for human pose estimation},
  author={Chen, Yu and Shen, Chunhua and Wei, Xiu-Shen and Liu, Lingqiao and Yang, Jian},
  booktitle={Proceedings of the IEEE International Conference on Computer Vision},
  pages={1212--1221},
  year={2017}
}

@inproceedings{yang2017learning,
  title={Learning feature pyramids for human pose estimation},
  author={Yang, Wei and Li, Shuang and Ouyang, Wanli and Li, Hongsheng and Wang, Xiaogang},
  booktitle={proceedings of the IEEE international conference on computer vision},
  pages={1281--1290},
  year={2017}
}

@InProceedings{Ke_2018_ECCV,
author = {Ke, Lipeng and Chang, Ming-Ching and Qi, Honggang and Lyu, Siwei},
title = {Multi-Scale Structure-Aware Network for Human Pose Estimation },
booktitle = {Proceedings of the European Conference on Computer Vision (ECCV)},
month = {September},
year = {2018}
}

@InProceedings{Tang_2018_ECCV,
author = {Tang, Wei and Yu, Pei and Wu, Ying},
title = {Deeply Learned Compositional Models for Human Pose Estimation},
booktitle = {Proceedings of the European Conference on Computer Vision (ECCV)},
month = {September},
year = {2018}
}

@article{zhang2019human,
  title={Human pose estimation with spatial contextual information},
  author={Zhang, Hong and Ouyang, Hao and Liu, Shu and Qi, Xiaojuan and Shen, Xiaoyong and Yang, Ruigang and Jia, Jiaya},
  journal={arXiv preprint arXiv:1901.01760},
  year={2019}
}

@article{su2019cascade,
  title={Cascade feature aggregation for human pose estimation},
  author={Su, Zhihui and Ye, Ming and Zhang, Guohui and Dai, Lei and Sheng, Jianda},
  journal={arXiv preprint arXiv:1902.07837},
  year={2019}
}

@inproceedings{bulat2020toward,
  title={Toward fast and accurate human pose estimation via soft-gated skip connections},
  author={Bulat, Adrian and Kossaifi, Jean and Tzimiropoulos, Georgios and Pantic, Maja},
  booktitle={2020 15th IEEE International Conference on Automatic Face and Gesture Recognition (FG 2020)},
  pages={8--15},
  year={2020},
  organization={IEEE}
}

@inproceedings{pfister2015flowing,
  title={Flowing convnets for human pose estimation in videos},
  author={Pfister, Tomas and Charles, James and Zisserman, Andrew},
  booktitle={Proceedings of the IEEE international conference on computer vision},
  pages={1913--1921},
  year={2015}
}

@inproceedings{chu2016structured,
  title={Structured feature learning for pose estimation},
  author={Chu, Xiao and Ouyang, Wanli and Li, Hongsheng and Wang, Xiaogang},
  booktitle={Proceedings of the IEEE Conference on Computer Vision and Pattern Recognition},
  pages={4715--4723},
  year={2016}
}

@mastersthesis{杨川2019基于深度学习的人体姿态估计技术研究,
  title={基于深度学习的人体姿态估计技术研究},
  author={杨川},
  year={2019},
  school={哈尔滨工业大学}
}

@inproceedings{cui2021dressing,
  title={Dressing in order: Recurrent person image generation for pose transfer, virtual try-on and outfit editing},
  author={Cui, Aiyu and McKee, Daniel and Lazebnik, Svetlana},
  booktitle={Proceedings of the IEEE/CVF International Conference on Computer Vision},
  pages={14638--14647},
  year={2021}
}

@article{zhang2012microsoft,
  title={Microsoft kinect sensor and its effect},
  author={Zhang, Zhengyou},
  journal={IEEE multimedia},
  volume={19},
  number={2},
  pages={4--10},
  year={2012},
  publisher={IEEE}
}

@mastersthesis{戴汉彬2021基于深度学习的人体姿态估计技术研究,
  title={基于深度学习的人体姿态估计技术研究},
  author={戴汉彬},
  year={2021},
  school={电子科技大学}
}

@article{felzenszwalb2005pictorial,
  title={Pictorial structures for object recognition},
  author={Felzenszwalb, Pedro F and Huttenlocher, Daniel P},
  journal={International journal of computer vision},
  volume={61},
  number={1},
  pages={55--79},
  year={2005},
  publisher={Springer}
}

@article{bazarevsky2019blazeface,
  title={Blazeface: Sub-millisecond neural face detection on mobile gpus},
  author={Bazarevsky, Valentin and Kartynnik, Yury and Vakunov, Andrey and Raveendran, Karthik and Grundmann, Matthias},
  journal={arXiv preprint arXiv:1907.05047},
  year={2019}
}

@article{8765346,
  author = {Z. {Cao} and G. {Hidalgo Martinez} and T. {Simon} and S. {Wei} and Y. A. {Sheikh}},
  journal = {IEEE Transactions on Pattern Analysis and Machine Intelligence},
  title = {OpenPose: Realtime Multi-Person 2D Pose Estimation using Part Affinity Fields},
  year = {2019}
}

@inproceedings{xu2020ghum,
  title={GHUM \& GHUML: Generative 3D Human Shape and Articulated Pose Models},
  author={Xu, Hongyi and Bazavan, Eduard Gabriel and Zanfir, Andrei and Freeman, William T and Sukthankar, Rahul and Sminchisescu, Cristian},
  booktitle={Proceedings of the IEEE/CVF Conference on Computer Vision and Pattern Recognition},
  pages={6184--6193},
  year={2020}
}

@inproceedings{zanfir2020weakly,
  title={Weakly Supervised 3D Human Pose and Shape Reconstruction with Normalizing Flows},
  author={Zanfir, Andrei and Bazavan, Eduard Gabriel and Xu, Hongyi and Freeman, William T. and Sukthankar, Rahul and Sminchisescu, Cristian},
  booktitle={Computer Vision -- ECCV 2020},
  pages={465--481},
  year={2020},
}







